@incollection{Vermeir2022,
    title = {{.NET Compiler Platform}},
    year = {2022},
    booktitle = {Introducing .NET 6: Getting Started with Blazor, MAUI, Windows App SDK, Desktop Development, and Containers},
    author = {Vermeir, Nico},
    pages = {275--295},
    publisher = {Apress},
    url = {https://doi.org/10.1007/978-1-4842-7319-7_10},
    address = {Berkeley, CA},
    isbn = {978-1-4842-7319-7},
    doi = {10.1007/978-1-4842-7319-7{\_}10}
}

@article{Aycock2003,
    title = {{A Brief History of Just-In-Time}},
    year = {2003},
    journal = {ACM Computing Surveys},
    author = {Aycock, John},
    number = {2},
    volume = {35},
    doi = {10.1145/857076.857077},
    issn = {03600300}
}

@article{Chiba1995,
    title = {{A Metaobject Protocol for C++}},
    year = {1995},
    journal = {ACM SIGPLAN Notices},
    author = {Chiba, Shigeru},
    number = {10},
    volume = {30},
    doi = {10.1145/217839.217868},
    issn = {15581160}
}

@phdthesis{Karlsson2021,
    title = {{A Performance comparison Between ASP.NET Core and Express.js for creating Web APIs}},
    year = {2021},
    author = {Karlsson, Oliver},
    url = {https://urn.kb.se/resolve?urn=urn:nbn:se:hj:diva-54286},
    school = {J{\"{o}}nk{\"{o}}ping University},
    keywords = {ASP.NET Core, CPU, Computer Engineering, Datorteknik, Express.js, GraphQL, HTTP, Memory, Operating System, REST, Response times., SQL}
}

@book{Martin2003,
    title = {{Agile Software Development: Principles, Patterns, and Practices}},
    year = {2003},
    booktitle = {Quality Engineering},
    author = {Martin, Robert},
    number = {4},
    pages = {529},
    volume = {2},
    publisher = {Pearson Education},
    url = {https://books.google.com/books/about/Agile_Software_Development.html?hl=de&id=0HYhAQAAIAAJ},
    isbn = {0135974445}
}

@article{Beaumont2022,
    title = {{An Investigation into the Prevalence of Reflection Techniques in Distributed Microsoft .Net NuGet Artefacts}},
    year = {2022},
    journal = {ACM International Conference Proceeding Series},
    author = {Beaumont, Andrew and Bakhtiari Bastaki, Benhur},
    month = {2},
    pages = {173--178},
    publisher = {Association for Computing Machinery},
    url = {https://dl.acm.org/doi/10.1145/3524304.3524329},
    isbn = {9781450385770},
    doi = {10.1145/3524304.3524329},
    keywords = {Reflective Techniques, Software Reuse, distributed software reuse artefact}
}

@misc{DIContainers,
    title = {{Architectural principles}},
    year = {2022},
    author = {{Microsoft}},
    month = {4},
    url = {https://learn.microsoft.com/en-us/dotnet/architecture/modern-web-apps-azure/architectural-principles#net-dependency-injection-containers}
}

@book{Albahari2019,
    title = {{C{\#} 7.0 in a nutshell : the definitive reference}},
    year = {2019},
    author = {Albahari, Joseph and Albahari, Ben},
    isbn = {1491987650}
}

@book{Skeet2019,
    title = {{C{\#} in Depth, Fourth Edition}},
    year = {2019},
    author = {Skeet, Jon and {O'Reilly for Higher Education (Firm)}},
    pages = {528},
    isbn = {1617294535}
}

@book{Aho2007,
    title = {{Compilers: Principles, Techniques, and Tools}},
    year = {2007},
    author = {Lam, M and Sethi, R and Ullman, JD and Aho, A},
    editor = {Lam, M and Sethi, R and Ullman, JD and Aho, A},
    edition = {2},
    pages = {1038},
    publisher = {Pearson Education},
    url = {http://scholar.google.com/scholar?hl=en&btnG=Search&q=intitle:Compilers+Principles,+Techniques,+&+Tools#0 http://scholar.google.com/scholar?hl=en&btnG=Search&q=intitle:Compilers:+Principles,+Techniques,+and+Tools#0},
    address = {Boston},
    isbn = {0321486811}
}

@article{Maes1987,
    title = {{Concepts and experiments in computational reflection}},
    year = {1987},
    journal = {ACM SIGPLAN Notices},
    author = {Maes, Pattie},
    number = {12},
    volume = {22},
    doi = {10.1145/38807.38821},
    issn = {15581160}
}

@article{Kistler2003,
    title = {{Continuous program optimization: A case study}},
    year = {2003},
    journal = {ACM Transactions on Programming Languages and Systems},
    author = {Kistler, Thomas and Franz, Michael},
    number = {4},
    volume = {25},
    doi = {10.1145/778559.778562},
    issn = {01640925}
}

@misc{Blumhardt2010,
    title = {{Dependency Injection with Autofac - CodeProject}},
    year = {2010},
    author = {Blumhardt, Nicholas},
    month = {9},
    url = {https://www.codeproject.com/Articles/25380/Dependency-Injection-with-Autofac}
}

@article{Gal2006,
    title = {{HotpathVM}},
    year = {2006},
    author = {Gal, Andreas and Probst, Christian W. and Franz, Michael},
    month = {6},
    pages = {144--153},
    publisher = {Association for Computing Machinery (ACM)},
    url = {https://dl.acm.org/doi/10.1145/1134760.1134780},
    doi = {10.1145/1134760.1134780}
}

@misc{SystemTextJson,
    title = {{How to serialize and deserialize JSON using C{\#} - .NET | Microsoft Learn}},
    year = {2023},
    author = {{Microsoft}},
    month = {2},
    url = {https://learn.microsoft.com/en-us/dotnet/standard/serialization/system-text-json/how-to?pivots=dotnet-8-0}
}

@misc{SystemTextJsonSourceGen,
    title = {{How to use source generation in System.Text.Json | Microsoft Learn}},
    year = {2023},
    author = {{Microsoft}},
    month = {1},
    url = {https://learn.microsoft.com/en-us/dotnet/standard/serialization/system-text-json/source-generation}
}

@misc{Carter2020,
    title = {{Introducing C{\#} Source Generators}},
    year = {2020},
    author = {Carter, Phillip},
    month = {4},
    url = {https://devblogs.microsoft.com/dotnet/introducing-c-source-generators/}
}

@article{Tudose2013,
    title = {{Java Reflection Performance Analysis Using Different Java Development Java Reflection Performance Analysis Using Different Java Development Kits}},
    year = {2013},
    author = {Tudose, Cătălin and Odub{\u{a}}{\c{s}}teanu, Carmen and Radu, Serban},
    url = {https://www.researchgate.net/publication/290840653},
    doi = {10.1007/978-3-642-32548-9-31},
    keywords = {JDK, Java, direct invocation, method call, object creation, reflection performance, reflective invocation}
}

@misc{Vogel2023,
    title = {{JAXB (with Java 11) - Tutorial}},
    year = {2023},
    author = {Vogel, Lars},
    url = {https://www.vogella.com/tutorials/JAXB/article.html}
}

@inproceedings{Chiba2000,
    title = {{Load-time structural reflection in Java}},
    year = {2000},
    booktitle = {Lecture Notes in Computer Science (including subseries Lecture Notes in Artificial Intelligence and Lecture Notes in Bioinformatics)},
    author = {Chiba, Shigeru},
    volume = {1850},
    doi = {10.1007/3-540-45102-1{\_}16},
    issn = {16113349}
}

@misc{LoggingDotnet,
    title = {{Logging in C{\#} - .NET}},
    year = {2023},
    author = {{Microsoft}},
    month = {3},
    url = {https://learn.microsoft.com/en-us/dotnet/core/extensions/logging?tabs=command-line}
}

@article{Shreyas2021,
    title = {{Memory Utilization and Machine Learning Techniques for Compiler Optimization}},
    year = {2021},
    journal = {ITM Web of Conferences},
    author = {Shreyas Madhav, A V and Singaravel, Siddarth and Karmel, A},
    pages = {01021},
    volume = {37},
    publisher = {EDP Sciences},
    doi = {10.1051/itmconf/20213701021}
}

@book{Esposito2014,
    title = {{Microsoft .NET : architecting applications for the enterprise}},
    year = {2014},
    author = {Esposito, Dino and Saltarello, Andrea},
    publisher = {Microsoft Press},
    isbn = {0735685355}
}

@misc{NewtonsoftJsonPerformance,
    title = {{Newtonsoft Performance Tips}},
    author = {{Newtonsoft}},
    url = {https://www.newtonsoft.com/json/help/html/Performance.htm}
}

@book{Fowler2002,
    title = {{Patterns of Enterprise Application}},
    year = {2002},
    booktitle = {Wesley, Addison},
    author = {Fowler, Martin and Rice, David and Foemmel, Matthew and Mee, Robert and Stafford, Randy},
    edition = {1},
    pages = {560},
    isbn = {0321127420}
}

@article{Kronis2018,
    title = {{Performance Comparison of Java EE and ASP.NET Core Technologies for Web API Development}},
    year = {2018},
    author = {Kronis, Kristiāns and Uhanova, Marina},
    number = {1},
    pages = {37--44},
    volume = {23},
    url = {http://creativecommons.org/licenses/by/4.0},
    doi = {10.2478/acss-2018-0005},
    issn = {2255-8683},
    keywords = {Benchmark testing, computer languages, programming, software performance}
}

@book{Vogel2010,
    title = {{Practical code generation in .NET : covering Visual Studio 2005, 2008, and 2010}},
    year = {2010},
    author = {Vogel, Peter},
    pages = {344},
    publisher = {Addison-Wesley},
    url = {https://www.oreilly.com/library/view/practical-code-generation/9780321617620/},
    isbn = {9780321617620}
}

@article{Cordy1992,
    title = {{Practical Metaprogramming}},
    year = {1992},
    author = {Cordy, James R and Shukla, Medha}
}

@misc{Serilog,
    title = {{Serilog — simple .NET logging with fully-structured events}},
    author = {{Serilog}},
    url = {https://serilog.net/}
}

@phdthesis{Slimak2022,
    title = {{Source Generators in C{\#} BC. OND{\v{R}}EJ SLIM{\'{A}}K}},
    year = {2022},
    author = {Slim{\'{a}}k, Ondřej},
    school = {Maaryk University}
}

@misc{Microsoft2022SourceGenerators,
    title = {{Source Generators | Microsoft Learn}},
    year = {2022},
    author = {{Microsoft}},
    month = {6},
    url = {https://learn.microsoft.com/en-us/dotnet/csharp/roslyn-sdk/source-generators-overview}
}

@incollection{Klein2010,
    title = {{T4 Code Generation}},
    year = {2010},
    booktitle = {Pro Entity Framework 4.0},
    author = {Klein, Scott},
    chapter = {T4 Code Generation},
    pages = {127--143},
    publisher = {Apress},
    url = {https://link.springer.com/chapter/10.1007/978-1-4302-0647-7_8},
    isbn = {978-1-4302-0647-7},
    doi = {10.1007/978-1-4302-0647-7{\_}8}
}

@misc{CSharpRoslyn,
    title = {{The .NET Compiler Platform SDK (Roslyn APIs)}},
    year = {2021},
    author = {{Microsoft}},
    month = {9},
    url = {https://learn.microsoft.com/en-us/dotnet/csharp/roslyn-sdk/}
}

@article{Franz2022,
    title = {{Trends im Compilerbau}},
    year = {2022},
    journal = {informatikJournal},
    author = {Franz, Joshua},
    pages = {13--19},
    volume = {13}
}

@misc{Pobar2005,
    title = {{Using .NET: Avoid Common Performance Pitfalls for Speedier Apps | Microsoft Learn}},
    year = {2005},
    author = {Pobar, Joel},
    url = {https://learn.microsoft.com/en-us/archive/msdn-magazine/2005/july/using-net-avoid-common-performance-pitfalls-for-speedier-apps}
}

@inproceedings{Torgersen2020,
    title = {{What’s New in C{\#}?}},
    year = {2020},
    booktitle = {.NET Conf 2020},
    author = {Torgersen, Mads and Campbell, Dustin},
    month = {11},
    url = {https://learn.microsoft.com/en-us/events/dotnetconf-2020/whats-new-in-c}
}

@misc{Biilmann2015,
    title = {{Why Static Site Generators Are The Next Big Thing — Smashing Magazine}},
    year = {2015},
    author = {Biilmann, Mathias},
    url = {https://www.smashingmagazine.com/2015/11/modern-static-website-generators-next-big-thing/}
}

@misc{Microsoft2023RoutingCore,
    title = {{Routing in ASP.NET Core}},
    year = {2023},
    author = {{Microsoft}},
    month = {5},
    url = {https://learn.microsoft.com/en-us/aspnet/core/fundamentals/routing?view=aspnetcore-7.0}
}

@misc{Microsoft2021WhatLearn,
    title = {{What Is Windows Communication Foundation - WCF | Microsoft Learn}},
    year = {2021},
    author = {{Microsoft}},
    month = {12},
    url = {https://learn.microsoft.com/en-us/dotnet/framework/wcf/whats-wcf}
}